
@InProceedings{BurckhardtGYZ14,
  author       = {Sebastian Burckhardt and Alexey Gotsman and Hongseok
                  Yang and Marek Zawirski},
  title        = {Replicated data types: specification, verification,
                  optimality},
  year         = 2014,
  booktitle    = {The 41st Annual {ACM} {SIGPLAN-SIGACT} Symposium on
                  Principles of Programming Languages, {POPL} '14, San
                  Diego, CA, USA, January 20-21, 2014},
  pages        = {271-284},
  doi          = {10.1145/2535838.2535848},
  url          = {http://doi.acm.org/10.1145/2535838.2535848},
}

@Article{HerlihyW90,
  author       = {Maurice Herlihy and Jeannette M. Wing},
  title        = {Linearizability: {A} Correctness Condition for
                  Concurrent Objects},
  year         = 1990,
  volume       = 12,
  number       = 3,
  pages        = {463-492},
  doi          = {10.1145/78969.78972},
  url          = {http://doi.acm.org/10.1145/78969.78972},
  journal      = {{ACM} Trans. Program. Lang. Syst.},
  timestamp    = {Mon, 03 Apr 2006 11:19:30 +0200},
  biburl       = {https://dblp.org/rec/bib/journals/toplas/HerlihyW90},
  bibsource    = {dblp computer science bibliography,
                  https://dblp.org}
}

@techreport{ShapiroPBZ11,
  TITLE = {{A comprehensive study of Convergent and Commutative Replicated Data Types}},
  AUTHOR = {Shapiro, Marc and Pregui{\c c}a, Nuno and Baquero, Carlos and Zawirski, Marek},
  URL = {https://hal.inria.fr/inria-00555588},
  TYPE = {Research Report},
  NUMBER = {RR-7506},
  PAGES = {50},
  INSTITUTION = {{Inria -- Centre Paris-Rocquencourt ; INRIA}},
  YEAR = {2011},
  MONTH = Jan,
  KEYWORDS = {eventual consistency ; optimistic replication ; replicated data types ; distributed algorithms ; distributed systems ; Data replication ; commutative operations},
  PDF = {https://hal.inria.fr/inria-00555588/file/techreport.pdf},
  HAL_ID = {inria-00555588},
  HAL_VERSION = {v1},
}

@InProceedings{AttiyaBGMYZ16,
  author       = {Hagit Attiya and Sebastian Burckhardt and Alexey
                  Gotsman and Adam Morrison and Hongseok Yang and
                  Marek Zawirski},
  title        = {Specification and Complexity of Collaborative Text
                  Editing},
  year         = 2016,
  booktitle    = {Proceedings of the 2016 {ACM} Symposium on
                  Principles of Distributed Computing, {PODC} 2016,
                  Chicago, IL, USA, July 25-28, 2016},
  pages        = {259-268},
  doi          = {10.1145/2933057.2933090},
  url          = {http://doi.acm.org/10.1145/2933057.2933090},
  timestamp    = {Mon, 21 May 2018 17:28:35 +0200},
  biburl       = {https://dblp.org/rec/bib/conf/podc/AttiyaBGMYZ16},
  bibsource    = {dblp computer science bibliography,
                  https://dblp.org}
}

@Article{GilbertL02,
  author       = {Seth Gilbert and Nancy A. Lynch},
  title        = {Brewer's conjecture and the feasibility of
                  consistent, available, partition-tolerant web
                  services},
  year         = 2002,
  volume       = 33,
  number       = 2,
  pages        = {51-59},
  doi          = {10.1145/564585.564601},
  url          = {http://doi.acm.org/10.1145/564585.564601},
  journal      = {{SIGACT} News},
  timestamp    = {Mon, 25 Jan 2010 12:21:46 +0100},
  biburl       = {https://dblp.org/rec/bib/journals/sigact/GilbertL02},
  bibsource    = {dblp computer science bibliography,
                  https://dblp.org}
}

@Article{RohJKL11,
  author       = {Hyun{-}Gul Roh and Myeongjae Jeon and Jinsoo Kim and
                  Joonwon Lee},
  title        = {Replicated abstract data types: Building blocks for
                  collaborative applications},
  year         = 2011,
  volume       = 71,
  number       = 3,
  pages        = {354-368},
  doi          = {10.1016/j.jpdc.2010.12.006},
  url          = {https://doi.org/10.1016/j.jpdc.2010.12.006},
  journal      = {J. Parallel Distrib. Comput.},
  timestamp    = {Wed, 13 Jun 2018 16:18:29 +0200},
  biburl       = {https://dblp.org/rec/bib/journals/jpdc/RohJKL11},
  bibsource    = {dblp computer science bibliography,
                  https://dblp.org}
}

@Article{Burckhardt14,
  author       = {Sebastian Burckhardt},
  title        = {Principles of Eventual Consistency},
  year         = 2014,
  volume       = 1,
  number       = {1-2},
  pages        = {1-150},
  doi          = {10.1561/2500000011},
  url          = {https://doi.org/10.1561/2500000011},
  journal      = {Foundations and Trends in Programming Languages},
  timestamp    = {Fri, 26 May 2017 22:50:41 +0200},
  biburl       = {https://dblp.org/rec/bib/journals/ftpl/Burckhardt14},
  bibsource    = {dblp computer science bibliography,
                  https://dblp.org}
}

@InProceedings{PerrinMJ14,
  author       = {Matthieu Perrin and Achour Most{\'{e}}faoui and
                  Claude Jard},
  title        = {Update Consistency in Partitionable Systems},
  year         = 2014,
  booktitle    = {Distributed Computing - 28th International
                  Symposium, {DISC} 2014, Austin, TX, USA, October
                  12-15, 2014. Proceedings},
  pages        = {546-549},
  url          =
                  {http://link.springer.com/content/pdf/bbm%3A978-3-662-45174-8%2F1.pdf},
  timestamp    = {Fri, 19 May 2017 01:25:17 +0200},
  biburl       = {https://dblp.org/rec/bib/conf/wdag/PerrinMJ14},
  bibsource    = {dblp computer science bibliography,
                  https://dblp.org}
}

@proceedings{DBLP:conf/wdag/2014,
  editor    = {Fabian Kuhn},
  title     = {Distributed Computing - 28th International Symposium, {DISC} 2014,
               Austin, TX, USA, October 12-15, 2014. Proceedings},
  series    = {Lecture Notes in Computer Science},
  volume    = {8784},
  publisher = {Springer},
  year      = {2014},
  url       = {https://doi.org/10.1007/978-3-662-45174-8},
  doi       = {10.1007/978-3-662-45174-8},
  isbn      = {978-3-662-45173-1},
  timestamp = {Fri, 19 May 2017 01:25:17 +0200},
  biburl    = {https://dblp.org/rec/bib/conf/wdag/2014},
  bibsource = {dblp computer science bibliography, https://dblp.org}
}

@InProceedings{VafeiadisHHS06,
  author       = {Viktor Vafeiadis and Maurice Herlihy and Tony Hoare
                  and Marc Shapiro},
  title        = {Proving correctness of highly-concurrent
                  linearisable objects},
  year         = 2006,
  booktitle    = {Proceedings of the {ACM} {SIGPLAN} Symposium on
                  Principles and Practice of Parallel Programming,
                  {PPOPP} 2006, New York, New York, USA, March 29-31,
                  2006},
  pages        = {129-136},
  doi          = {10.1145/1122971.1122992},
  url          = {http://doi.acm.org/10.1145/1122971.1122992},
  timestamp    = {Fri, 03 Nov 2017 11:21:27 +0100},
  biburl       = {https://dblp.org/rec/bib/conf/ppopp/VafeiadisHHS06},
  bibsource    = {dblp computer science bibliography,
                  https://dblp.org}
}

@proceedings{DBLP:conf/ppopp/2006,
  editor    = {Josep Torrellas and
               Siddhartha Chatterjee},
  title     = {Proceedings of the {ACM} {SIGPLAN} Symposium on Principles and Practice
               of Parallel Programming, {PPOPP} 2006, New York, New York, USA, March
               29-31, 2006},
  publisher = {{ACM}},
  year      = {2006},
  url       = {http://dl.acm.org/citation.cfm?id=1122971},
  isbn      = {1-59593-189-9},
  timestamp = {Tue, 22 May 2012 15:24:56 +0200},
  biburl    = {https://dblp.org/rec/bib/conf/ppopp/2006},
  bibsource = {dblp computer science bibliography, https://dblp.org}
}

@Article{AbadiL91,
  author       = {Mart{\'{\i}}n Abadi and Leslie Lamport},
  title        = {The Existence of Refinement Mappings},
  year         = 1991,
  volume       = 82,
  number       = 2,
  pages        = {253-284},
  doi          = {10.1016/0304-3975(91)90224-P},
  url          = {https://doi.org/10.1016/0304-3975(91)90224-P},
  journal      = {Theor. Comput. Sci.},
  timestamp    = {Sun, 28 May 2017 13:20:08 +0200},
  biburl       = {https://dblp.org/rec/bib/journals/tcs/AbadiL91},
  bibsource    = {dblp computer science bibliography,
                  https://dblp.org}
}
