% generated by bibly: https://github.com/michael-emmi/bibly#readme

@article{DBLP:journals/tcs/AbadiL91,
  author    = {Mart{\'{\i}}n Abadi and
               Leslie Lamport},
  title     = {The Existence of Refinement Mappings},
  journal   = {Theor. Comput. Sci.},
  volume    = {82},
  number    = {2},
  pages     = {253--284},
  year      = {1991},
  url       = {https://doi.org/10.1016/0304-3975(91)90224-P},
  doi       = {10.1016/0304-3975(91)90224-P},
  timestamp = {Sun, 28 May 2017 13:20:08 +0200},
  biburl    = {https://dblp.org/rec/bib/journals/tcs/AbadiL91},
  bibsource = {dblp computer science bibliography, https://dblp.org}
}

@article{DBLP:journals/iandc/LynchV95,
  author    = {Nancy A. Lynch and
               Frits W. Vaandrager},
  title     = {Forward and Backward Simulations: I. Untimed Systems},
  journal   = {Inf. Comput.},
  volume    = {121},
  number    = {2},
  pages     = {214--233},
  year      = {1995},
  url       = {https://doi.org/10.1006/inco.1995.1134},
  doi       = {10.1006/inco.1995.1134},
  timestamp = {Thu, 18 May 2017 09:54:18 +0200},
  biburl    = {https://dblp.org/rec/bib/journals/iandc/LynchV95},
  bibsource = {dblp computer science bibliography, https://dblp.org}
}

@inproceedings{DBLP:conf/wise/WeissUM07,
  author    = {St{\'{e}}phane Weiss and
               Pascal Urso and
               Pascal Molli},
  editor    = {Boualem Benatallah and
               Fabio Casati and
               Dimitrios Georgakopoulos and
               Claudio Bartolini and
               Wasim Sadiq and
               Claude Godart},
  title     = {Wooki: {A} {P2P} Wiki-Based Collaborative Writing Tool},
  booktitle = {Web Information Systems Engineering - {WISE} 2007, 8th International
               Conference on Web Information Systems Engineering, Nancy, France,
               December 3-7, 2007, Proceedings},
  series    = {Lecture Notes in Computer Science},
  volume    = {4831},
  pages     = {503--512},
  publisher = {Springer},
  year      = {2007},
  url       = {https://doi.org/10.1007/978-3-540-76993-4_42},
  doi       = {10.1007/978-3-540-76993-4_42},
  timestamp = {Fri, 02 Jun 2017 13:01:08 +0200},
  biburl    = {https://dblp.org/rec/bib/conf/wise/WeissUM07},
  bibsource = {dblp computer science bibliography, https://dblp.org}
}

@inproceedings{DBLP:conf/cscw/OsterUMI06,
  author    = {G{\'{e}}rald Oster and
               Pascal Urso and
               Pascal Molli and
               Abdessamad Imine},
  editor    = {Pamela J. Hinds and
               David Martin},
  title     = {Data consistency for {P2P} collaborative editing},
  booktitle = {Proceedings of the 2006 {ACM} Conference on Computer Supported Cooperative
               Work, {CSCW} 2006, Banff, Alberta, Canada, November 4-8, 2006},
  pages     = {259--268},
  publisher = {{ACM}},
  year      = {2006},
  url       = {http://doi.acm.org/10.1145/1180875.1180916},
  doi       = {10.1145/1180875.1180916},
  timestamp = {Fri, 19 Feb 2016 13:06:56 +0100},
  biburl    = {https://dblp.org/rec/bib/conf/cscw/OsterUMI06},
  bibsource = {dblp computer science bibliography, https://dblp.org}
}

@inproceedings{DBLP:conf/icdcs/PreguicaMSL09,
  author    = {Nuno M. Pregui{\c{c}}a and
               Joan Manuel Marqu{\`{e}}s and
               Marc Shapiro and
               Mihai Letia},
  title     = {A Commutative Replicated Data Type for Cooperative Editing},
  booktitle = {29th {IEEE} International Conference on Distributed Computing Systems
               {(ICDCS} 2009), 22-26 June 2009, Montreal, Qu{\'{e}}bec, Canada},
  pages     = {395--403},
  publisher = {{IEEE} Computer Society},
  year      = {2009},
  url       = {https://doi.org/10.1109/ICDCS.2009.20},
  doi       = {10.1109/ICDCS.2009.20},
  timestamp = {Fri, 03 Nov 2017 11:21:26 +0100},
  biburl    = {https://dblp.org/rec/bib/conf/icdcs/PreguicaMSL09},
  bibsource = {dblp computer science bibliography, https://dblp.org}
}

@article{DBLP:journals/corr/abs-0710-1784,
  author    = {Marc Shapiro and
               Nuno M. Pregui{\c{c}}a},
  title     = {Designing a commutative replicated data type},
  journal   = {CoRR},
  volume    = {abs/0710.1784},
  year      = {2007},
  url       = {http://arxiv.org/abs/0710.1784},
  archivePrefix = {arXiv},
  eprint    = {0710.1784},
  timestamp = {Fri, 03 Nov 2017 11:21:26 +0100},
  biburl    = {https://dblp.org/rec/bib/journals/corr/abs-0710-1784},
  bibsource = {dblp computer science bibliography, https://dblp.org}
}
